<?xml version="1.0" encoding="UTF-8"?><collection xmlns="http://www.loc.gov/MARC21/slim"><record><leader>00593nam--2200181-i-4500</leader><controlfield tag="001">000048045</controlfield><controlfield tag="002">20161230</controlfield><controlfield tag="005">20161230201046</controlfield><controlfield tag="008">060222s1000------------r-----000-0-ger-d</controlfield><datafield ind1=" " ind2=" " tag="040"><subfield code="a">IFIN-HH</subfield></datafield><datafield ind1=" " ind2=" " tag="041"><subfield code="a">ger</subfield></datafield><datafield ind1=" " ind2=" " tag="080"><subfield code="a">539.13.2</subfield></datafield><datafield ind1="1" ind2=" " tag="100"><subfield code="a">Zimmermann, Dieter</subfield></datafield><datafield ind1="1" ind2="0" tag="245"><subfield code="a">Atomstrahlresonanzuntersuchung der hyperfeinstruktur des angeregten 4 2p 3/2-zustandes vonk39 dsurch beob-achten fon besetzungszahlanderungen im grundzustand</subfield><subfield code="b">Dissertation</subfield><subfield code="c">Dieter zimmermann</subfield></datafield><datafield ind1=" " ind2=" " tag="260"><subfield code="a">Berlin</subfield><subfield code="b">Universitat</subfield><subfield code="c">1968</subfield></datafield><datafield ind1=" " ind2=" " tag="300"><subfield code="a">84P</subfield></datafield><datafield ind1=" " ind2=" " tag="852"><subfield code="a">30811</subfield><subfield code="c">539.163.2</subfield></datafield><datafield ind1=" " ind2=" " tag="CAT"><subfield code="a">Sys</subfield><subfield code="c">20120523</subfield><subfield code="h">105555</subfield></datafield></record></collection>